<record xmlns="http://www.loc.gov/MARC21/slim" xmlns:xsi="http://www.w3.org/2001/XMLSchema-instance" xsi:schemaLocation="http://www.loc.gov/MARC21/slim http://www.loc.gov/standards/marcxml/schema/MARC21slim.xsd"><leader>00770cz   2200145n  4500</leader><controlfield tag="001">oca06140349 </controlfield><controlfield tag="005">20041030071244.0</controlfield><controlfield tag="008">030828n| acannaabn          |a aaa      </controlfield><datafield ind1=" " ind2=" " tag="010"><subfield code="a">n 2003052022</subfield></datafield><datafield ind1=" " ind2=" " tag="040"><subfield code="a">DLC</subfield><subfield code="b">eng</subfield><subfield code="c">DLC</subfield><subfield code="d">NjP</subfield></datafield><datafield ind1="0" ind2=" " tag="100"><subfield code="a">Euphorion,</subfield><subfield code="c">of Chalcis,</subfield><subfield code="d">b. ca. 276 B.C.</subfield></datafield><datafield ind1="0" ind2=" " tag="400"><subfield code="a">Euforione,</subfield><subfield code="c">di Calcide,</subfield><subfield code="d">b. ca. 276 B.C.</subfield></datafield><datafield ind1=" " ind2=" " tag="670"><subfield code="a">Magnelli, Enrico. Studi su Euforione, 2002:</subfield><subfield code="b">p. 1 (Euforione ... poeta di Calcide)</subfield></datafield><datafield ind1=" " ind2=" " tag="670"><subfield code="a">Dictionary of Greek literature, 1966</subfield><subfield code="b">(hdg.: Euphorion of Chalcis; b. ca. 276 B.C.; philosopher and poet, author of numerous works in prose and verse ... Unfortunately there are only very few fragments, so that any critical estimate is diffcult)</subfield></datafield><datafield ind1=" " ind2=" " tag="670"><subfield code="a">Greek and Latin authors, 1980</subfield><subfield code="b">(hdg.: Euphorion; Greek poet; b. ca. 276/275 B.C.)</subfield></datafield></record>